<?xml version="1.0" encoding="UTF-8"?><record xmlns="http://www.loc.gov/MARC21/slim" xmlns:cinclude="http://apache.org/cocoon/include/1.0" xmlns:zs="http://www.loc.gov/zing/srw/">
  <leader>00681nz  a2200145n  4500</leader>
  <controlfield tag="001">no2004111068</controlfield>
  <controlfield tag="003">DLC</controlfield>
  <controlfield tag="005">20041116051852.0</controlfield>
  <controlfield tag="008">041115n| acannaabn          |n aaa     c</controlfield>
  <datafield tag="010" ind1=" " ind2=" ">
    <subfield code="a">no2004111068</subfield>
  </datafield>
  <datafield tag="035" ind1=" " ind2=" ">
    <subfield code="a">(OCoLC)oca06494371</subfield>
  </datafield>
  <datafield tag="040" ind1=" " ind2=" ">
    <subfield code="a">MoSW-Mu</subfield>
    <subfield code="b">eng</subfield>
    <subfield code="c">MoSW-Mu</subfield>
  </datafield>
  <datafield tag="100" ind1="1" ind2=" ">
    <subfield code="a">Buffum, Clara,</subfield>
    <subfield code="d">1873-1938</subfield>
  </datafield>
  <datafield tag="670" ind1=" " ind2=" ">
    <subfield code="a">Catalogue of the Crosby Brown collection of musicians' portraits, 1904:</subfield>
    <subfield code="b">p. vii (Miss Clara Buffum, of Providence, R.I.)</subfield>
  </datafield>
  <datafield tag="670" ind1=" " ind2=" ">
    <subfield code="a">Guild of Book Workers WWW site, Nov. 15, 2004:</subfield>
    <subfield code="b">Newsletter; Number 124, June 1999 (under Announcements &amp; queries: Clara Buffum; b. 1873, New York; established the Marigold Bindery at the Handicraft Club in Providence in 1906; d. 1938)</subfield>
  </datafield>
</record>